Scopus
EXPORT DATE: 30 December 2019

@ARTICLE{Gnan2019683,
author={Gnan, N. and Zaccarelli, E.},
title={The microscopic role of deformation in the dynamics of soft colloids},
journal={Nature Physics},
year={2019},
volume={15},
number={7},
pages={683-688},
doi={10.1038/s41567-019-0480-1},
note={cited By 7},
url={https://www.scopus.com/inward/record.uri?eid=2-s2.0-85063028024&doi=10.1038%2fs41567-019-0480-1&partnerID=40&md5=53e7d1ddd05a7eec564f5800bd2d01a8},
document_type={Article},
source={Scopus},
}

@ARTICLE{Vlassopoulos2014561,
author={Vlassopoulos, D. and Cloitre, M.},
title={Tunable rheology of dense soft deformable colloids},
journal={Current Opinion in Colloid and Interface Science},
year={2014},
volume={19},
number={6},
pages={561-574},
doi={10.1016/j.cocis.2014.09.007},
note={cited By 93},
url={https://www.scopus.com/inward/record.uri?eid=2-s2.0-84926260410&doi=10.1016%2fj.cocis.2014.09.007&partnerID=40&md5=8ab2012ed3bedb06461a63e6f11f9036},
document_type={Review},
source={Scopus},
}

@ARTICLE{Princen1983160,
author={Princen, H.M.},
title={Rheology of foams and highly concentrated emulsions. I. Elastic properties and yield stress of a cylindrical model system},
journal={Journal of Colloid And Interface Science},
year={1983},
volume={91},
number={1},
pages={160-175},
doi={10.1016/0021-9797(83)90323-5},
note={cited By 400},
url={https://www.scopus.com/inward/record.uri?eid=2-s2.0-5244221527&doi=10.1016%2f0021-9797%2883%2990323-5&partnerID=40&md5=fe2c5ef9b9884092d08425c170deb9d2},
document_type={Article},
source={Scopus},
}

@ARTICLE{Sengupta2011,
author={Sengupta, S. and Vasconcelos, F. and Affouard, F. and Sastry, S.},
title={Dependence of the fragility of a glass former on the softness of interparticle interactions},
journal={Journal of Chemical Physics},
year={2011},
volume={135},
number={19},
doi={10.1063/1.3660201},
art_number={194503},
note={cited By 39},
url={https://www.scopus.com/inward/record.uri?eid=2-s2.0-81855221282&doi=10.1063%2f1.3660201&partnerID=40&md5=37ae681a11db9b31b9023e3451220162},
document_type={Article},
source={Scopus},
}

@ARTICLE{DeMichele2004,
author={De Michele, C. and Sciortino, F. and Coniglio, A.},
title={Scaling in soft spheres: Fragility invariance on the repulsive potential softness},
journal={Journal of Physics Condensed Matter},
year={2004},
volume={16},
number={45},
pages={L489-L494},
doi={10.1088/0953-8984/16/45/L01},
note={cited By 41},
url={https://www.scopus.com/inward/record.uri?eid=2-s2.0-9744256273&doi=10.1088%2f0953-8984%2f16%2f45%2fL01&partnerID=40&md5=9653c8689b4cc1cc6869f056cc40abe1},
document_type={Article},
source={Scopus},
}

@ARTICLE{Bachman20152018,
author={Bachman, H. and Brown, A.C. and Clarke, K.C. and Dhada, K.S. and Douglas, A. and Hansen, C.E. and Herman, E. and Hyatt, J.S. and Kodlekere, P. and Meng, Z. and Saxena, S. and Spears, M.W., Jr. and Welsch, N. and Lyon, L.A.},
title={Ultrasoft, highly deformable microgels},
journal={Soft Matter},
year={2015},
volume={11},
number={10},
pages={2018-2028},
doi={10.1039/c5sm00047e},
note={cited By 43},
url={https://www.scopus.com/inward/record.uri?eid=2-s2.0-84924054598&doi=10.1039%2fc5sm00047e&partnerID=40&md5=7c73593ad6947d49c3c1fe855812c74e},
document_type={Article},
source={Scopus},
}
